@article{robinson2020thesis,
author = {Robinson, Robert D.},
month = {7},
publisher = {Imperial College London},
title = {{Reliable Machine Learning for Medical Imaging Data through Automated Quality Control and Data Harmonization}},
year = {2020}
}

